<?xml version="1.0" encoding="UTF-8"?><collection xmlns="http://www.loc.gov/MARC21/slim"><record><leader>00362nam--2200133-i-4500</leader><controlfield tag="001">000001789</controlfield><controlfield tag="002">20161230</controlfield><controlfield tag="005">20161230201024</controlfield><controlfield tag="008">060222s1000------------r-----000-0-eng-d</controlfield><datafield ind1=" " ind2=" " tag="080"><subfield code="a">517</subfield></datafield><datafield ind1=" " ind2=" " tag="100"><subfield code="a">Goering, Herbert</subfield></datafield><datafield ind1=" " ind2=" " tag="245"><subfield code="a">Elementare methoden zur losung von differentialgleischungs-problemen</subfield></datafield><datafield ind1=" " ind2=" " tag="260"><subfield code="a">Berlin, Akademie-verlag, 1968. 158 P</subfield></datafield><datafield ind1=" " ind2=" " tag="852"><subfield code="a">30926</subfield></datafield></record></collection>